%% -*- coding:utf-8 -*-

@book{Bloomfield33a,
	Address = {London},
	Author = {Leonard Bloomfield},
	Publisher = {George Allen and Unwin},
	Title = {Language},
	Year = {1933}}

@incollection{Bresnan82b,
	Author = {Joan Bresnan},
	Crossref = {Bresnan82a-ed},
	Pages = {282--390},
	Title = {Control and Complementation}}

@book{Bresnan82a-ed,
	Address = {Cambridge, MA/""London},
	Booktitle = {The Mental Representation of Grammatical Relations},
	Editor = {Joan Bresnan},
	Publisher = mitpress,
	Series = {MIT Press Series on Cognitive Theory and Mental Representation},
	Title = {The Mental Representation of Grammatical Relations},
	Year = {1982}}

@book{Chomsky57a,
	Address = {The Hague/Paris},
	Author = {Chomsky, Noam},
	Number = {4},
	Publisher = Mouton,
	Series = {Janua Linguarum / Series Minor},
	Title = {Syntactic Structures},
	Year = {1957}}


@book{Croft2003a,
	Address = {Cambridge, UK},
	Author = {William Croft},
	Edition = {2},
	Publisher = camup,
	Series = {Cambridge Textbooks in Linguistics},
	Title = {Typology and Universals},
	Year = {2003}}



@misc{Haspelmath2012a,
	Author = {Martin Haspelmath},
	Howpublished = {http://www.frank-m-richter.de/freescienceblog/2012/10/30/the-prestige-of-the-publishers-brand-name-an-underestimated-factor-in-science-book-publication-costs/},
	Title = {The prestige of the publisher's brand name -- an underestimated factor in science book publication costs},
	Year = {2012}
}


@article{MZ85a,
	Author = {Maling, Joan and Zaenen, Annie},
	Journal = {Nordic Journal of Linguistics},
	Number = {2},
	Pages = {197--209},
	Title = {Preposition-Stranding and Passive},
	Volume = {8},
	Year = {1985}}

@book{MG2013a,
	Address = {Boston},
	Author = {Frank Mittelbach and Michael Goossens},
	Edition = {2},
	Publisher = {Addison-Wesley},
	Title = {The \LaTeX{} Companion},
	Year = {2013}}


@article{MuellerOA,
	Author = {M{\"u}ller, Stefan},
	Journal = {Journal of Language Modelling},
	Number = 1,
	Optissn = {not known yet},
	Pages = {9--39},
	Title = {A Personal Note on Open Access in Linguistics},
	Url = {http://hpsg.fu-berlin.de/~stefan/Pub/oa-jlm.html},
	Url_Checked = {01.11.2013},
	Volume = 0,
	Year = {2012}}



@misc{MH2013a,
	Author = {Stefan M{\"u}ller and Martin Haspelmath},
	Date-Added = {2013-12-11 11:55:24 +0000},
	Date-Modified = {2013-12-11 11:59:07 +0000},
	Howpublished = {Grant Proposal to the German Research Foundation},
	Title = {A Publication Model for Open-Access Books in Linguistics},
	Url = {http://hpsg.fu-berlin.de/OALI/Milestones/2013-lsp-proposal-public.pdf},
	Url_Checked = {\mytoday},
	Year = {2013}}


@book{Saussure16a,
	Author = {{Ferdinand de} Saussure},
	Editor = {Charles Bally and Albert Sechehaye},
	Publisher = {Payot},
	Series = {Biblioth{\`e}que Scientifique Payot},
	Title = {Cours de linguistique g{\'e}n{\'e}rale},
	Year = {1916}}

@article{Shieber2012a,
  author={Shieber, Stuart M},
  title={The Case for the Journal's Use of a {CC-BY} License},
  journal={Journal of Language Modelling},
  volume = 0,
  number={1},
  pages={5--8},
  year={2012}}
